1913 2781
967 107 1093 165 (VI)

267 203 434 260 clesiae,
473 221 608 269 quam
635 200 800 256 video,
834 218 916 250 nec
937 199 1231 251 multitudine
1269 197 1367 250 satis
1395 197 1671 265 frequentem
1706 218 1788 251 nec

268 278 420 323 animo
453 272 550 322 satis
586 271 764 321 firmam
793 273 928 319 latere
959 273 1002 319 in
1025 273 1236 327 occult0,
1274 285 1405 332 atque
1439 269 1628 335 angustis
1656 273 1786 320 unius

271 344 560 393 domunculae
596 342 831 407 parietibus
867 342 1120 390 contineri.
1161 341 1278 389 Proh
1317 344 1442 390 Deus
1485 338 1784 390 immortalis!

269 415 346 478 qui
376 410 460 462 fuit
493 415 566 462 ille
606 408 772 460 terror!
814 425 908 474 quae
937 411 1084 475 inopia
1122 411 1172 460 &
1210 407 1427 458 solitudo!
1467 409 1630 459 abierat
1666 408 1793 460 vide·

266 484 368 532 licet
401 486 432 530 is
451 517 464 538 ,
490 486 613 546 cujus
638 476 846 545 adspectu
875 481 1090 532 recreari,
1120 483 1241 542 cujus
1271 481 1473 528 oratione
1501 476 1784 533 confirmari,

272 557 398 616 cujus
430 549 631 618 praefidio
658 552 738 598 niti
772 546 996 596 solebant.
1037 547 1168 596 Nihil
1195 563 1286 596 erat
1308 545 1478 615 uspiam
1505 561 1654 596 tutum
1672 581 1686 603 ,
1721 549 1789 597 ni-

272 623 334 670 hil
357 638 448 669 non
473 616 736 674 adversum,
771 613 1070 682 infestumque
1098 619 1301 684 periculis
1321 653 1332 664 .
1355 614 1620 681 judaeorum
1647 634 1785 683 quarn

270 704 397 739 atrox
423 685 529 739 esset
565 691 771 741 animus,
811 704 947 751 quam
977 686 1130 736 acerba
1164 689 1207 734 in
1236 687 1334 734 illos
1359 686 1491 741 odia,
1528 703 1661 750 quam
1692 690 1781 734 im-

271 774 430 826 potens
461 755 754 820 immanisque
782 755 1021 810 iracundia,
1049 774 1138 803 non
1161 755 1444 819 ignorabant.
1470 757 1706 804 Contraire
1730 773 1780 804 ac

275 843 520 892 repugnare
560 843 640 875 nec
673 823 922 879 audebant,
960 841 1040 872 nec
1073 841 1184 872 vero
1224 837 1426 888 poterant
1451 823 1649 872 dostrina
1687 826 1780 873 elo-

274 899 455 962 quentia
490 896 627 945 animi
672 892 883 942 firmitate
923 911 972 941 ac
1003 891 1160 941 robore
1193 891 1419 941 destituti:
1461 908 1512 940 ut
1546 894 1652 940 nihil
1685 897 1781 955 jam

274 967 498 1030 reliquum
523 965 749 1014 videretur
768 996 780 1016 ,
807 961 883 1011 nifi
908 977 957 1010 ut
987 959 1146 1010 flerent
1175 961 1413 1010 orbitatem
1441 959 1563 1010 suam
1583 996 1597 1016 ,
1624 959 1790 1010 secum-

275 1051 362 1099 que
385 1034 590 1100 praeclare
614 1031 763 1081 actum
787 1035 837 1079 iri
858 1030 1201 1082 arbitrarentur,
1229 1028 1258 1077 s]
1283 1047 1366 1094 qua
1389 1033 1556 1079 ratione
1585 1030 1784 1079 hostium

277 1106 374 1153 vim
397 1121 445 1152 ac
476 1111 613 1168 prop'e
635 1108 731 1165 jam
757 1102 924 1149 intenta
949 1097 1032 1147 suis
1047 1101 1212 1166 jugulis
1237 1101 1322 1147 tela
1345 1096 1637 1150 devitassent.
1672 1102 1786 1148 Non

278 1174 398 1221 enim
436 1186 527 1220 erat
554 1168 789 1219 verisimile
817 1164 939 1234 poffe
967 1166 1058 1216 fieri
1082 1201 1097 1222 ,
1134 1170 1212 1232 qui
1243 1166 1421 1230 pastoris
1449 1167 1652 1235 sanguine
1693 1186 1786 1218 ma·-

278 1258 364 1289 nus
389 1237 676 1305 resperserant
694 1270 709 1292 ,
747 1254 932 1303 gregem
958 1234 988 1285 fi
1021 1236 1176 1286 alicubi
1205 1233 1340 1286 effent
1364 1237 1478 1286 nacti
1499 1273 1514 1294 ‚
1550 1239 1602 1288 ab
1624 1240 1701 1287 illo
1729 1252 1781 1287 ut

278 1308 570 1360 abstinerent.
610 1310 657 1357 O
686 1305 888 1356 miseram
907 1342 923 1363 ,
961 1324 988 1355 0
1016 1320 1134 1355 certe
1162 1305 1354 1355 debilem
1383 1305 1491 1372 saepe
1514 1326 1704 1357 numero
1734 1310 1785 1358 &

279 1378 544 1430 imbecillam
572 1376 876 1428 conditionem
906 1376 1152 1431 bonorum,
1193 1393 1274 1424 nec
1299 1374 1395 1425 satis
1426 1380 1647 1426 munitam
1677 1394 1785 1425 con-

280 1464 345 1498 tra
371 1452 564 1514 impetus
589 1445 895 1512 perditorum!
921 1443 1161 1495 Miseram?
1199 1445 1499 1496 imbecillam?
1534 1449 1591 1496 ita
1619 1447 1782 1495 credo:

277 1516 495 1581 liquidem
531 1515 605 1565 fibi
639 1514 829 1565 fiderent
850 1549 864 1570 ,
901 1529 1033 1578 atque
1069 1515 1275 1563 humanis
1314 1515 1470 1581 opibus
1501 1519 1751 1565 niterentur
1773 1554 1785 1566 .

282 1586 370 1634 Sed
399 1588 534 1650 longe
561 1584 714 1635 absunt
743 1584 794 1633 ab
826 1585 905 1633 hac
940 1582 1096 1633 insania
1118 1619 1133 1639 ,
1171 1585 1408 1650 multoque
1439 1582 1636 1635 firmiore
1658 1588 1701 1634 in
1723 1587 1786 1634 lo·

283 1673 336 1704 co
364 1652 457 1721 spes
482 1654 574 1704 suas
609 1656 965 1703 collocaverunt.
1006 1654 1217 1707 Habent,
1261 1654 1447 1709 habent,
1487 1657 1666 1721 inquam
1688 1689 1702 1711 ,
1739 1657 1783 1703 in

283 1726 394 1773 caelis
420 1727 568 1774 omnia
588 1722 768 1772 suorum
801 1723 1088 1773 incommoda
1112 1720 1319 1772 scientem
1343 1757 1358 1779 ,
1395 1720 1530 1789 iisque
1556 1723 1786 1774 consulen-

281 1808 374 1842 tem
421 1797 645 1862 optimum
691 1797 944 1843 maximum
996 1796 1305 1843 auxiliatorem
1354 1796 1403 1844 &
1439 1791 1782 1860 sospitatorem-³

283 1867 434 1911 Deum
467 1885 477 1912 :
518 1867 675 1911 vivum
715 1865 840 1911 illum
880 1865 1109 1926 vigentem
1160 1862 1480 1928 ardentemque
1528 1867 1741 1930 Spiritum
1771 1897 1786 1919 ,

283 1936 356 1997 qui
385 1933 457 1982 ubi
483 1931 523 1982 se
551 1935 739 1981 incitarit
769 1949 903 1997 atque
937 1935 1186 1996 ingruerit,
1220 1934 1347 1981 citius
1380 1937 1504 1982 omni
1527 1933 1598 2000 spe
1637 1935 1784 1983 omni-

282 2020 368 2066 que
393 2006 605 2068 opinione
628 2001 742 2051 salva
774 2001 875 2051 sunt
905 2004 1081 2057 omnia,
1118 2000 1318 2066 fiuntque
1348 2003 1442 2051 laeta
1468 2021 1522 2054 ex
1553 2002 1742 2053 tristibus
1765 2038 1781 2059 ,

279 2070 469 2121 secunda
506 2091 558 2123 ex
600 2071 830 2128 adverHS,
866 2090 920 2122 ex
960 2074 1138 2121 incertis
1171 2075 1218 2123 ὃς
1252 2071 1435 2121 turbidis
1469 2088 1586 2123 certa
1625 2076 1674 2124 &
1710 2090 1788 2124 ex-

283 2142 427 2205 pedita
448 2180 459 2191 .

423 2213 531 2261 Hoc
554 2229 658 2261 vere
682 2211 765 2260 dici
782 2246 794 2266 ,
832 2228 926 2275 quae
950 2209 1089 2260 modo
1112 2209 1398 2259 audiebamus
1426 2209 1545 2275 gesta
1569 2208 1783 2259 Hieroso·-

283 2280 420 2341 lymis
439 2313 451 2333 ,
491 2300 636 2329 nonne
661 2281 925 2347 apertiffime
944 2312 957 2331 ,
996 2278 1510 2344 magnificentissimeque
1534 2281 1785 2329 declarant?

285 2347 435 2396 Fabius
462 2351 553 2406 est,
594 2354 770 2417 inquit,
806 2364 972 2417 repente
1004 2348 1052 2397 de
1088 2350 1179 2397 caelo
1201 2349 1335 2412 fimus
1355 2387 1366 2399 .
1405 2349 1529 2413 Quid
1562 2362 1687 2401 tum?
1728 2368 1784 2400 eo

1704 2416 1784 2469 fra·
