1913 2781
766 119 919 178 (vn)

93 214 267 283 fragore
297 215 439 267 domo
478 212 685 265 concussa
705 247 719 270 ‚
757 215 808 265 &
843 211 1084 266 caelestium
1109 213 1391 266 flammarum
1427 218 1605 285 specie,

92 284 376 342 coruscante,
413 286 567 351 repleti
584 285 695 351 sunt
731 300 866 332 omnes
895 284 1065 350 Spiritu
1080 282 1266 351 san5303
1302 285 1489 338 discussae
1519 287 1605 340 for-

91 356 280 406 midines
301 388 317 411 ,
354 373 480 405 mora
522 351 834 421 tergiversatio
873 353 1191 420 cunetatioque
1222 359 1370 404 omnis
1404 356 1598 414 sublata,

91 441 268 476 mentes
307 424 525 475 illustratae
552 459 566 482 ,
604 442 680 473 ora
717 420 933 491 patefacta
959 458 974 480 ‚
1010 427 1173 491 linguae
1207 427 1453 491 expeditae,
1498 431 1601 489 inje-

91 494 189 545 ‹stus
215 498 372 545 animis
399 495 530 544 ardor
561 495 826 544 incredibilis
856 530 867 542 .
906 494 1052 545 Pudet
1076 502 1173 559 jam
1206 498 1388 560 privatis
1421 500 1597 562 parieti„

94 565 175 614 bus
198 567 440 622 contineri3
479 566 712 631 provolant
749 567 793 613 in
828 564 976 612 lucem
1003 598 1018 620 ,
1056 568 1100 614 in
1124 562 1308 620 forum,
1346 568 1388 614 in
1422 568 1601 615 concio-

94 652 235 693 nem3
270 636 493 690 clamant,
532 631 832 683 vociferantur
868 635 979 682 mira
1015 632 1328 683 sententiarum
1353 639 1602 700 gravitate,

91 706 202 754 mira
224 706 377 753 vultus
407 718 539 769 atque
561 706 771 753 orationis
801 701 1066 753 constantia.
1107 703 1235 767 Qid
1254 699 1404 766 Judaei
1423 738 1436 759 ,
1478 708 1599 754 natio

90 787 183 823 tam
208 771 316 823 dura
339 787 431 823 tam
453 777 730 824 contumax?
771 788 991 822 conantur
1014 776 1141 823 initio
1173 770 1317 823 nescio
1342 773 1481 838 quid3
1517 792 1599 826 nec

94 839 279 899 desunt,
302 847 377 909 qui
406 844 576 893 rideant
600 844 802 893 homines
828 840 1160 909 sapientissimos
1178 878 1194 900 ,
1228 846 1277 895 &
1306 861 1353 893 ea
1369 877 1384 897 ,
1409 861 1506 909 quae
1531 846 1599 894 lo·

96 927 312 977 quuntur,
336 931 425 962 non
442 913 591 963 divina
615 916 807 969 oracula,
829 910 902 962 sed
925 916 1257 963 vinolentorum
1282 915 1601 978 loquacitatem

93 979 180 1031 esse
201 981 374 1031 dicant:
414 981 485 1032 sed
515 986 730 1032 continuo
759 985 874 1032 Petri
898 986 1125 1038 oratione,
1164 981 1282 1048 quafi
1307 986 1476 1031 tonitru
1499 1001 1597 1032 om-

94 1054 164 1100 nia
196 1055 513 1107 concutiente,
543 1050 726 1118 perculfi
758 1055 1006 1107 mirantur,
1044 1067 1228 1106 tacent,
1264 1051 1432 1100 laudari
1463 1069 1600 1108 eum,

92 1137 228 1186 quem
258 1124 376 1170 cruci
408 1119 642 1171 affixerant
667 1155 681 1177 ,
720 1119 1049 1186 Christumque
1084 1139 1135 1171 ac
1171 1120 1409 1170 dominum
1448 1122 1598 1187 perhi-

91 1189 217 1244 beri,
257 1189 298 1240 se
335 1205 485 1240 contra
516 1191 772 1257 objurgari,
810 1193 859 1241 ὅ(
885 1194 1005 1252 ejus,
1045 1208 1181 1256 quem
1219 1190 1380 1239 divinis
1412 1189 1597 1240 honori-

93 1259 171 1309 bus
210 1262 359 1309 colere
391 1259 662 1315 debuerant,
702 1257 1008 1310 interfectores
1045 1263 1132 1310 dici
1170 1263 1397 1327 patiuntur
1421 1297 1431 1307 .
1472 1258 1606 1322 Quid

92 1331 265 1379 multa?
289 1328 394 1378 vic‘ti
415 1329 521 1379 dant
550 1349 722 1387 manus,
747 1327 900 1394 suique
922 1348 973 1378 ac
995 1327 1171 1379 suarum
1196 1347 1343 1378 rerum
1367 1328 1599 1378 arbitrium

94 1403 358 1465 permittunt
383 1399 655 1455 hominibUS,
675 1418 785 1466 quos
807 1401 953 1466 paullo
973 1415 1076 1450 ante
1097 1399 1466 1453 contemnebant,
1487 1416 1600 1463 quos

96 1468 311 1523 oderant,
347 1486 461 1534 quos
482 1473 605 1518 omni
633 1468 843 1537 supplicio
871 1470 1026 1534 dignos
1049 1469 1331 1532 judicabant.
1382 1464 1602 1536 Qidfh-

92 1541 279 1592 ciemus,
319 1541 548 1603 inquiunt,
587 1543 694 1587 ‘viri
711 1537 925 1604 fratres?
964 1556 1054 1585 non
1090 1538 1231 1586 modo
1260 1536 1412 1585 fratres
1450 1538 1602 1603 appel-

92 1608 219 1662 lant,
258 1624 449 1672 quorum
485 1605 742 1671 sanguinem
774 1622 899 1656 antea
928 1604 1161 1661 sitiebant,
1199 1603 1274 1654 sed
1304 1602 1378 1654 fibi
1418 1621 1496 1654 eos
1525 1606 1603 1653 de·-

90 1674 407 1726 monstratores
432 1675 569 1725 officii
587 1712 602 1733 ,
633 1677 968 1729 moderatores,
997 1674 1249 1741 magistrOS,
1273 1693 1323 1725 ac
1353 1693 1494 1741 prope
1518 1673 1603 1723 do-

93 1749 242 1796 minos
268 1741 353 1795 effe
387 1748 575 1795 volunt.
616 1750 661 1796 O
699 1743 933 1795 mirificam
962 1743 1095 1795 sancti
1126 1748 1315 1812 Spiritus
1351 1748 1395 1792 in
1433 1758 1602 1794 morta-

92 1816 203 1864 lium
230 1818 402 1875 animos
435 1819 639 1865 irruentis
664 1819 758 1866 vim
791 1829 926 1880 atque
965 1813 1215 1865 virtutem.¹
1256 1816 1410 1877 Qam
1446 1811 1602 1863 facile,

91 1887 242 1934 omnia
269 1903 292 1935 a
324 1900 449 1935 metu
469 1886 524 1935 ad
546 1884 694 1952 spem,
732 1903 755 1935 a
777 1902 963 1934 maerore
987 1885 1042 1934 ad
1072 1887 1271 1934 laetitiam
1292 1919 1308 1939 ,
1343 1883 1395 1932 ab
1417 1885 1602 1932 interitu

93 1954 148 2003 ad
173 1952 354 2004 salutem
390 1955 606 2004 traduxit!
647 1973 784 2021 quam
808 1957 1084 2021 repentinam
1116 1954 1246 2004 rebus
1274 1950 1511 2020 desperatis
1551 1970 1602 2000 ac

95 2025 276 2088 perditis
307 2022 466 2073 adtulit
499 2025 765 2074 medicinam
790 2023 800 2071 l
840 2039 1024 2089 quantas
1049 2042 1116 2073 res
1145 2041 1278 2089 quam
1303 2026 1391 2071 cito
1425 2019 1600 2070 effecit!

94 2093 251 2143 Rudes
275 2095 335 2142 illi
373 2111 422 2142 ac
452 2097 588 2156 jejuni
625 2094 843 2143 bonarum
884 2095 1047 2143 artium
1087 2091 1349 2142 immensam
1385 2090 1600 2139 doetrinae

95 2165 185 2211 vim
214 2166 366 2212 animo
404 2161 802 2229 complerstuntur:
842 2166 956 2211 muti
989 2165 1050 2211 illi
1082 2167 1130 2214 δε
1159 2165 1355 2228 elingues
1392 2162 1602 2209 omnium

96 2232 344 2299 linguarum
378 2234 589 2282 varietate
620 2235 895 2296 loquuntur:
935 2231 1084 2281 timidi
1114 2233 1175 2281 illi
1201 2249 1251 2279 ac
1289 2231 1472 2297 periculi
1510 2245 1605 2277 me-

97 2314 268 2351 tuentes
307 2301 404 2352 celsi
433 2301 652 2366 erectique
679 2303 905 2352 ambulant
935 2334 950 2355 ,
990 2299 1261 2350 adversarios
1300 2299 1602 2352 adoriuntur,

95 2387 375 2438 pugnantque
407 2386 497 2422 tam
526 2370 699 2422 strenue
727 2385 908 2437 tamque
942 2370 1168 2426 animose,
1209 2384 1259 2420 ut
1294 2370 1502 2436 in‘prima
1528 2369 1604 2415 illa

1497 2454 1608 2485 con·
